
@inproceedings{inproceedings,
author = {Lu, Zhanqing and Zhang, Kai and He, Juanjuan and Niu, Yunyun},
year = {2016},
month = {10},
pages = {278-284},
title = {Applying K-means Clustering and Genetic Algorithm for Solving MTSP},
isbn = {978-981-10-3613-2},
doi = {10.1007/978-981-10-3614-9_34}
}

@article{shengping2002hybrid,
  title={A hybrid genetic algorithm to solve TSP and MTSP},
  author={Shengping, Jin},
  journal={Journal of Wuhan University of Technology},
  volume={26},
  number={6},
  pages={839--842},
  year={2002}
}

@incollection{zhang2014parallel,
  title={Parallel genetic algorithm with opencl for traveling salesman problem},
  author={Zhang, Kai and Yang, Siman and Qiu, Ming and others},
  booktitle={Bio-Inspired Computing-Theories and Applications},
  pages={585--590},
  year={2014},
  publisher={Springer}
}

@article{krishna1999genetic,
  title={Genetic K-means algorithm},
  author={Krishna, K and Murty, M Narasimha},
  journal={IEEE Transactions on Systems, Man, and Cybernetics, Part B (Cybernetics)},
  volume={29},
  number={3},
  pages={433--439},
  year={1999},
  publisher={IEEE}
}

@article{maii2000genetic,
  title={Genetic algorithm-based clustering technique. J},
  author={Maii, U and Bandyopadhyay, S},
  journal={Pattern Recogn},
  volume={33},
  pages={1455--1465},
  year={2000}
}

@article{li2016parallel,
  title={Parallel hybrid genetic algorithm for maximum clique problem on OpenCL},
  author={Li, Li and Zhang, Kai and Yang, Siman and He, Juanjuan},
  journal={Journal of Computational and Theoretical Nanoscience},
  volume={13},
  number={6},
  pages={3595--3600},
  year={2016},
  publisher={American Scientific Publishers}
}

@article{song2015asynchronous,
  title={Asynchronous spiking neural P systems with rules on synapses},
  author={Song, Tao and Zou, Quan and Liu, Xiangrong and Zeng, Xiangxiang},
  journal={Neurocomputing},
  volume={151},
  pages={1439--1445},
  year={2015},
  publisher={Elsevier}
}

@article{zhang2015universality,
  title={On the universality of axon P systems},
  author={Zhang, Xingyi and Pan, Linqiang and P{\u{a}}un, Andrei},
  journal={IEEE Transactions on Neural Networks and Learning Systems},
  volume={26},
  number={11},
  pages={2816--2829},
  year={2015},
  publisher={IEEE}
}

@article{pan2012spiking,
  title={Spiking neural P systems with astrocytes},
  author={Pan, Linqiang and Wang, Jun and Hoogeboom, Hendrik Jan},
  journal={Neural Computation},
  volume={24},
  number={3},
  pages={805--825},
  year={2012},
  publisher={MIT Press}
}

@article{liu2015implementation,
  title={Implementation of arithmetic operations with time-free spiking neural P systems},
  author={Liu, Xiangrong and Li, Ziming and Liu, Juan and Liu, Logan and Zeng, Xiangxiang},
  journal={IEEE transactions on nanobioscience},
  volume={14},
  number={6},
  pages={617--624},
  year={2015},
  publisher={IEEE}
}

@article{zeng2014spiking,
  title={Spiking neural P systems with thresholds},
  author={Zeng, Xiangxiang and Zhang, Xingyi and Song, Tao and Pan, Linqiang},
  journal={Neural computation},
  volume={26},
  number={7},
  pages={1340--1361},
  year={2014},
  publisher={MIT Press}
}

@article{xu2016probe,
  title={Probe machine},
  author={Xu, Jin},
  journal={IEEE transactions on neural networks and learning systems},
  volume={27},
  number={7},
  pages={1405--1416},
  year={2016},
  publisher={IEEE}
}

@article{zhang2014efficient,
  title={An efficient approach to nondominated sorting for evolutionary multiobjective optimization},
  author={Zhang, Xingyi and Tian, Ye and Cheng, Ran and Jin, Yaochu},
  journal={IEEE Transactions on Evolutionary Computation},
  volume={19},
  number={2},
  pages={201--213},
  year={2014},
  publisher={IEEE}
}

@inproceedings{al2019comparative,
  title={Comparative study of crossover operators for the MTSP},
  author={Al-Omeer, Maha Ata and Ahmed, Zakir Hussain},
  booktitle={2019 International Conference on Computer and Information Sciences (ICCIS)},
  pages={1--6},
  year={2019},
  organization={IEEE}
}

@article{agusta2007k,
  title={K-means--penerapan, permasalahan dan metode terkait},
  author={Agusta, Yudi},
  journal={Jurnal Sistem dan informatika},
  volume={3},
  number={1},
  pages={47--60},
  year={2007}
}

@article{hermawanto2003algoritma,
  title={Algoritma Genetika dan contoh aplikasinya},
  author={Hermawanto, Denny},
  journal={Retrieved},
  volume={10},
  number={25},
  pages={2013},
  year={2003}
}

@article{mayuliana2015penyelesaian,
  title={Penyelesaian Multi Traveling Salesman Problem dengan Algoritma Genetika},
  author={Mayuliana, Ni Kadek and Kencana, Eka N and Harini, Luh Putu Ida},
  journal={E-Jurnal Mat},
  volume={6},
  number={1},
  pages={1--6},
  year={2015}
}

@article{al2019solving,
  title={Solving multiple traveling salesman problem by meerkat swarm optimization algorithm},
  author={Al-Khateeb, Belal and Yousif, Mohammed},
  journal={Journal of Southwest Jiaotong University},
  volume={54},
  number={3},
  year={2019}
}

@article{raditya2017optimasi,
  title={Optimasi Multiple Travelling Salesman Problem (M-TSP) Pada Penentuan Rute Optimal Penjemputan Penumpang Travel Menggunakan Algoritme Genetika},
  author={Raditya, Pande Made Rai and Dewi, Candra},
  journal={Jurnal Pengembangan Teknologi Informasi dan Ilmu Komputer e-ISSN},
  volume={2548},
  pages={964X},
  year={2017}
}